<?xml version="1.0" encoding="UTF-8"?><record xmlns="http://www.loc.gov/MARC21/slim" xmlns:cinclude="http://apache.org/cocoon/include/1.0" xmlns:zs="http://www.loc.gov/zing/srw/">
  <leader>00536nz  a2200157n  4500</leader>
  <controlfield tag="001">no2010010976</controlfield>
  <controlfield tag="003">DLC</controlfield>
  <controlfield tag="005">20100123075629.0</controlfield>
  <controlfield tag="008">100121n| acannaabn          |b aaa     c</controlfield>
  <datafield tag="010" ind1=" " ind2=" ">
    <subfield code="a">no2010010976</subfield>
  </datafield>
  <datafield tag="035" ind1=" " ind2=" ">
    <subfield code="a">(OCoLC)oca08368815</subfield>
  </datafield>
  <datafield tag="040" ind1=" " ind2=" ">
    <subfield code="a">NjP</subfield>
    <subfield code="b">eng</subfield>
    <subfield code="c">NjP</subfield>
  </datafield>
  <datafield tag="100" ind1="1" ind2=" ">
    <subfield code="a">Ḳimḥi, Daniyel ben Yitsḥaḳ</subfield>
  </datafield>
  <datafield tag="400" ind1="1" ind2=" ">
    <subfield code="a">קמחי, דניאל בן יצחק</subfield>
  </datafield>
  <datafield tag="667" ind1=" " ind2=" ">
    <subfield code="a">Non-Latin script reference not evaluated.</subfield>
  </datafield>
  <datafield tag="670" ind1=" " ind2=" ">
    <subfield code="a">Sefer Be-gov ha-arayot,  2007 or 2008:</subfield>
    <subfield code="b">t.p. (דניאל בן יצחק קמחי = Daniyel ben Yitsḥaḳ Ḳimḥi)</subfield>
  </datafield>
</record>